%! Author = NekoHitDev
%! Date = 2021/7/30
